@online{gutenberg,
  author    = "Michael S. Hart and Gregory B. Newby",
  title     = "Project Gutenberg",
  url       = "http://www.gutenberg.org/"
}
@online{gutenberg_robot,
  author = "Michael S. Hart and Gregory B. Newby",
  title = "Project Gutenberg: Information about robot access to out pages",
  url = "https://www.gutenberg.org/wiki/Gutenberg:Information_About_Robot_Access_to_our_Pages"
}
@article{argamon,
  author = "Argamon, S., Koppel, M., Fine, J., & Shimoni, A.",
  year = "2003",
  title = "Gender, Genre, And Writing Style In Formal Written Texts",
  journaltitle = "Interdisciplinary Journal for the Study of Discourse, 321-346"
}
@article{christian,
  author = "Christian S.",
  year = "2012",
  title = "Gender Prediction from Blog Posts"
}
@article{deVel,
  author = "de Vel, et al.",
  year = "2002",
  title = "Language and gender author cohort analysis of e-mail for computer forensics",
  journaltitle = "Proceedings Digital Forensics Research Workshop, Syracuse, NY, USA"
}
@article{burger,
  author = "John D. Burger, John C. Henderson, George Kim, and Guido Zarrella",
  year = "2011",
  title = "Discriminating gender on twitter",
  journaltitle = "Proceedings of the Conference on Empirical Methods in Natural Language Processing"
}
@article{koppel,
  author = "Koppel, M.",
  year = "2002",
  title = "Automatically Categorizing Written Texts by Author Gender",
  journaltitle = "Literary and Linguistic Computing, 401-412"
}
@article{kopperArgamon,
  author = "Koppel, M., Argamon, S. and Shimoni",
  year = "2004",
  title = "Automatically categorizing written texts by author gender",
  journaltitle = "Literary and Linguistic Computing, 17, 4"
}
@article{miller,
  author = "Miller et al.",
  year = "2012",
  title = "Gender Prediction on Twitter Using Stream Algorithms with N-Gram Character Features",
  journaltitle = "International Journal of Intelligence Science, 2012, 2, 143-148"
}
@article{montemurro,
  author = "Montemurro, M., & Zanette, D",
  year = "2009",
  title = "Towards The Quantification Of The Semantic Information Encoded In Written Language",
  journaltitle = "Advances in Complex Systems, 135-135"
}
@article{schler,
  author = "Schler, et al.",
  title = "Effects of Age and Gender on Blogging"
}
@article{zhangand,
  author = "Zhangand, C. and Zhang, P.",
  year = "2010",
  title = "Predicting gender from blog posts"
}
@online{wordLists,
  author = "An√≥nimo",
  title = "Word Lists",
  url = "http://www.outpost9.com/files/WordLists.html"
}
@online{stanfordTagger,
  author = "Stanford NLP Group",
  title = "Stanford Log-linear Part-Of-Speech Tagger",
  url = "http://nlp.stanford.edu/software/tagger.shtml"
}
